@misc{csrankings,
  author = {{Emergy Berger}},
  title = {{CSRankings.org}},
  year = 2023,
  note = {\url{https://csrankings.org}, last accessed \today{}}
}

@misc{blattman2022writing,
  author = {{Chris Blattman}},
  title = {{Writing your statement of purpose}},
  year = 2023,
  note = {\url{https://chrisblattman.com/blog/2022/01/11/phd-applicants-writing-your-statement-of-purpose/}, last accessed \today{}}
}


@misc{gcsphdusa,
  author = {{Various}},
  title = {{Getting a Computer Science PhD in the USA}},
  year = 2023,
  note = {\url{hhttps://parentheticallyspeaking.org/articles/us-cs-phd-faq/}, last accessed \today{}}
}




@misc{nlpphd,
  author = {{Various}},
  title = {{Student Perspectives on Applying to NLP PhD Programs}},
  year = 2019,
  note = {\url{https://blog.nelsonliu.me/2019/10/24/student-perspectives-on-applying-to-nlp-phd-programs/}, last accessed \today{}}
}


